@misc(potenzmengenkonstruktion,
    title = {Potenzmengenkonstruktion},
    author = {Leif Sabellek},
    year = 2014,
    note = {Zugriffsdatum: 11.05.2024},
    howpublished = {\url{https://www.youtube.com/watch?v=fE1fbTtQ_NY}}
)
